
@book{AESbook,
  author       = {Joan Daemen and Vincent Rijmen},
  title        = {The Design of {Rijndael}: {AES} -- The {Advanced Encryption Standard}},
  series       = {Information Security and Cryptography},
  publisher    = {Springer},
  year         = {2002},
  doi          = {10.1007/978-3-662-04722-4},
  isbn         = {3-540-42580-2},
}

@inproceedings{spKocherHFGGHHLM019,
  author       = {Paul Kocher and
                  Jann Horn and
                  Anders Fogh and
                  Daniel Genkin and
                  Daniel Gruss and
                  Werner Haas and
                  Mike Hamburg and
                  Moritz Lipp and
                  Stefan Mangard and
                  Thomas Prescher and
                  Michael Schwarz and
                  Yuval Yarom},
  title        = {{Spectre} Attacks: Exploiting Speculative Execution},
  booktitle    = {Security and Privacy -- {SP} 2019},
  pages        = {1--19},
  publisher    = {{IEEE}},
  year         = {2019},
  doi          = {10.1109/SP.2019.00002},
}

@article{bstjShannon49,
  author       = {Claude E. Shannon},
  title        = {Communication Theory of Secrecy Systems},
  journal      = {Bell System Technical Journal},
  volume       = {28},
  number       = {4},
  pages        = {656--715},
  publisher    = {Alcatel-Lucent},
  year         = {1949},
  doi          = {10.1002/j.1538-7305.1949.tb00928.x},
}

@misc{iacrSchneierFKR15,
  author       = {Bruce Schneier and
                  Matthew Fredrikson and
                  Tadayoshi Kohno and
                  Thomas Ristenpart},
  title        = {Surreptitiously Weakening Cryptographic Systems},
  howpublished = {IACR Cryptology ePrint Archive, Report 2015/097},
  year         = {2015},
  url          = {https://ia.cr/2015/097},
}

@online{webIAIK21,
  author       = {{IAIK Institute of Applied Information Processing and Communications}},
  key          = {IAIK},
  title        = {Teaching -- {IAIK}},
  url          = {https://www.iaik.tugraz.at/teaching/},
  urldate      = {2021-03-14},
  year         = {2021}
}

@inproceedings{shusterman2021prime,
    title={$\{$Prime+ Probe$\}$ 1,$\{$JavaScript$\}$ 0: Overcoming Browser-based $\{$Side-Channel$\}$ Defenses},
    author={Shusterman, Anatoly and Agarwal, Ayush and O'Connell, Sioli and Genkin, Daniel and Oren, Yossi and Yarom, Yuval},
    booktitle={30th USENIX Security Symposium (USENIX Security 21)},
    pages={2863--2880},
    year={2021}
}


@online{webworkers,
    author = {MDN},
    key = {MDN},
    title = {Web Workers API - Web APIs | MDN},
    url = {https://developer.mozilla.org/en-US/docs/Web/API/Web_Workers_API},
    urldate = {2022-12-14},
    year = {2022},

}

@online{sharedarraybuffer,
    author = {MDN},
    key = {MDN},
    title = {SharedArrayBuffer - JavaScript | MDN},
    url = {https://developer.mozilla.org/en-US/docs/Web/JavaScript/Reference/Global_Objects/SharedArrayBuffer},
    urldate = {2022-12-14},
    year = {2022},

}

@online{datenow,
    author = {MDN},
    key = {MDN},
    title = {Date.now() - JavaScript | MDN},
    url = {https://developer.mozilla.org/en-US/docs/Web/JavaScript/Reference/Global_Objects/Date/now},
    urldate = {2022-12-14},
    year = {2022},

}

@online{mathimul,
    author = {MDN},
    key = {MDN},
    title = {Math.imul() - JavaScript | MDN},
    url = {https://developer.mozilla.org/en-US/docs/Web/JavaScript/Reference/Global_Objects/Math/imul},
    urldate = {2022-12-15},
    year = {2022},

}

@online{performancenow,
    author = {MDN},
    key = {MDN},
    title = {performance.now() - Web APIs | MDN},
    url = {https://developer.mozilla.org/en-US/docs/Web/API/Performance/now},
    urldate = {2022-12-15},
    year = {2022},

}


@online{performancetimeorigin,
    author = {MDN},
    key = {MDN},
    title = {Performance: timeOrigin property - Web APIs | MDN},
    url = {https://developer.mozilla.org/en-US/docs/Web/API/Performance/timeOrigin},
    urldate = {2023-11-03},
    year = {2023},
}

@online{performancenowchrome,
    author = {Google},
    key = {Google},
    title = {Align performance API timer resolution to cross-origin isolated capability},
    url = {https://chromestatus.com/feature/6497206758539264},
    urldate = {2023-01-30},
    year = {2023},
}


@online{manchesterEncoding,
    author = {Cisco Systems},
    key = {Cisco},
    title = {Ethernet Technologies},
    url = {https://web.archive.org/web/20181228005303/http://docwiki.cisco.com/wiki/Ethernet_Technologies#Figure:_Transition-Based_Manchester_Binary_Encoding},
    urldate = {2022-12-15},
    year = {2022},

}

@article{noack2018exploiting,
    title={Exploiting speculative execution (spectre) via javascript},
    author={Noack, Lucas and Reichert, Tobias},
    journal={Advanced Microkernel Operating Systems},
    pages={11},
    year={2018}
}

@inproceedings{gruss2016rowhammer,
    title={Rowhammer. js: A remote software-induced fault attack in javascript},
    author={Gruss, Daniel and Maurice, Cl{\'e}mentine and Mangard, Stefan},
    booktitle={International conference on detection of intrusions and malware, and vulnerability assessment},
    pages={300--321},
    year={2016},
    organization={Springer}
}


@inproceedings{squip,
    title={SQUIP: Exploiting the Scheduler Queue Contention Side Channel},
    author={Gast, Stefan and Juffinger, Jonas and Schwarzl, Martin and Saileshwar, Gururaj and Kogler, Andreas and Franza, Simone and K{\"o}stl, Markus and Gruss, Daniel},
    booktitle={2023 IEEE Symposium on Security and Privacy (SP)},
    pages={468--484},
    year={2022},
    organization={IEEE Computer Society}
}

@inproceedings{Aciicmez2007c,
    author = {Acıi\c{c}mez, Onur and Seifert, Jean-Pierre},
    booktitle = {FDTC},
    title = {{Cheap Hardware Parallelism Implies Cheap Security}},
    year = {2007}
}

@inproceedings{Aciicmez2007e,
    author = {Ac\i{}i\c{c}mez, Onur and Ko\c{c}, \c{C}etin Kaya and Seifert, Jean-pierre},
    booktitle = {AsiaCCS},
    title = {{On the Power of Simple Branch Prediction Analysis}},
    year = {2007}
}

@article{Aimoniotis2021ROBContention,
    author = {Aimoniotis, Pavlos and Sakalis, Christos and Själander, Magnus and Kaxiras, Stefanos},
    doi = {10.1109/LCA.2021.3123408},
    journal = {IEEE Computer Architecture Letters},
    number = {2},
    pages = {162-165},
    title = {{Reorder Buffer Contention: A Forward Speculative Interference Attack for Speculation Invariant Instructions}},
    volume = {20},
    year = {2021}
}

@inproceedings{Aldaya2019port,
    author = {Aldaya, Alejandro Cabrera and Brumley, Billy Bob and ul Hassan, Sohaib and Garc{\'{i}}a, Cesar Pereida and Tuveri, Nicola},
    booktitle = {{S\&P}},
    title = {{Port Contention for Fun and Profit}},
    year = {2019}
}

@manual{AMD17hRegisters,
    edition = {3.03},
    month = {7},
    organization = {Advanced Micro Devices Inc.},
    title = {{Open-Source Register Reference For AMD Family 17h Processors Models 00h-2Fh}},
    year = {2018}
}

@misc{AMD2017OptimizationEPYC7001,
    author = {{AMD}},
    month = {June},
    title = {{Software Optimization Guide for AMD EPYC 7001 Processors}},
    year = {2017}
}

@misc{AMD2017PPR17h,
    author = {{AMD}},
    title = {{Processor Programming Reference (PPR) for AMD Family 17h Model 01h, Revision B1 Processors}},
    year = {2017}
}

@misc{AMD2020OptimizationEPYC7002,
    author = {{AMD}},
    month = {March},
    title = {{Software Optimization Guide for AMD EPYC 7002 Processors}},
    year = {2020}
}

@misc{AMD2020OptimizationEPYC7003,
    author = {{AMD}},
    month = {November},
    title = {{Software Optimization Guide for AMD EPYC 7003 Processors}},
    year = {2020}
}

@INPROCEEDINGS{AMDZen4 ,
  author={Troester, Kai and Bhargava, Ravi},
  booktitle={2023 IEEE Hot Chips 35 Symposium (HCS)},
  title={AMD Next Generation “Zen 4” Core and 4th Gen AMD EPYC™ 9004 Server CPU},
  year={2023},
  volume={},
  number={},
  pages={1-25},
  doi={10.1109/HCS59251.2023.10254726}
}




@misc{AMD2021PPR19h,
    author = {{AMD}},
    title = {{Processor Programming Reference (PPR) for AMD Family 19h Model 21h, Revision B0 Processors}},
    year = {2021}
}

@misc{AMD2022PortSmash,
    author = {{AMD}},
    title = {{PortSmash Mitigations}},
    url = {https://www.amd.com/en/support/kb/faq/pa-210},
    year = {2022}
}

@misc{AMD2022SEVhomepage,
    author = {{AMD}},
    title = {{AMD Secure Encrypted Virtualization (SEV)}},
    url = {https://developer.amd.com/sev/},
    year = {2022}
}

@misc{AMD2022SEVSNP,
    author = {{AMD}},
    month = {January},
    title = {{SEV Secure Nested Paging Firmware ABI Specification}},
    year = {2022}
}

@misc{AMD64_manual,
    author = {{AMD}},
    title = {{AMD64 Architecture Programmer's Manual}},
    year = {2017}
}

@misc{arm_arch_a_profile,
    author = {{ARM}},
    month = {Feb},
    title = {{Arm Architecture Reference Manual for A-profile architecture}},
    year = {2022}
}

@misc{ARM_mbedTLS,
    author = {{ARM}},
    title = {{mbed TLS}},
    url = {https:///tls.mbed.org},
    year = {2020}
}

@misc{Beulich2019XenRDPRU,
    author = {Jan Beulich and Andrew Cooper},
    month = {Sep},
    title = {{[v3,7/8] x86emul: support RDPRU}},
    url = {https://patchwork.kernel.org/project/xen-devel/patch/1fc41c75-7e6d-5a34-c500-8f769e4374bb@suse.com/},
    urldate = {2021-03-24},
    year = {2019}
}

@inproceedings{Bhattacharyya2019,
    author = {Bhattacharyya, Atri and Sandulescu, Alexandra and Neu\-g\-schwandt\-ner, Matthias and Sorniotti, Alessandro and Falsafi, Babak and Payer, Mathias and Kurmus, Anil},
    booktitle = {CCS},
    title = {{SMoTherSpectre: exploiting speculative execution through port contention}},
    year = {2019}
}

@inproceedings{bulpin2004multiprogramming,
    author = {Bulpin, James R and Pratt, Ian A},
    booktitle = {Second Annual Workshop on Duplicating, Deconstruction and Debunking (WDDD)},
    title = {{M}ultiprogramming performance of the {P}entium 4 with {Hyper-Threading}},
    year = {2004}
}

@misc{Corbet2021CoreScheduling,
    author = {Jonathan Corbet},
    title = {{Core scheduling lands in 5.14}},
    url = {https://lwn.net/Articles/861251/},
    year = {2021}
}

@misc{Cutress2020SMT,
    author = {Ian Cutress},
    title = {{Investigating Performance of Multi-Threading on Zen 3 and AMD Ryzen 5000}},
    url = {https://www.anandtech.com/show/16261/investigating-performance-of-multithreading-on-zen-3-and-amd-ryzen-5000/2},
    year = {2020}
}

@article{Domas2018undocumented,
    author = {Domas, Christopher},
    journal = {Black Hat US},
    title = {{Hardware Backdoors in x86 CPUs}},
    year = {2018}
}

@misc{Edge2016DisallowingPerfEventOpen,
    author = {Edge, Jake},
    title = {{Disallowing perf\_event\_open()}},
    url = {https://lwn.net/Articles/696216/},
    urldate = {2021-11-12},
    year = {2016}
}

@misc{Faggioli2019CoreScheduling,
    author = {Dario Faggioli},
    title = {{Re: [RFC PATCH v3 00/16] Core scheduling v3}},
    url = {https://lore.kernel.org/lkml/277737d6034b3da072d3b0b808d2fa6e110038b0.camel@suse.com/},
    year = {2019}
}

@misc{Fog2021microarchitecture,
    author = {Fog, Agner},
    title = {{The microarchitecture of Intel, AMD, and VIA CPUs: An optimization guide for assembly programmers and compiler makers}},
    url = {https://www.agner.org/optimize/microarchitecture.pdf},
    year = {2021}
}

@misc{Fogh2016shotgun,
    author = {Fogh, Anders},
    title = {{Covert Shotgun: automatically finding SMT covert channels}},
    url = {https://cyber.wtf/2016/09/27/covert-shotgun/},
    year = {2016}
}

@misc{Github2022Systemd,
    author = {{Github}},
    title = {{Systemd TODOs}},
    url = {https://github.com/systemd/systemd/blob/aaec2216602ce3a26b7bca30eaf28e525ef5e762/TODO#L1272},
    year = {2022}
}

@inproceedings{Gras2018,
    author = {Gras, Ben and Razavi, Kaveh and Bos, Herbert and Giuffrida, Cristiano},
    booktitle = {{USENIX} Security Symposium},
    title = {{Translation Leak-aside Buffer: Defeating Cache Side-channel Protections with TLB Attacks}},
    year = {2018}
}

@misc{HewlettPackard2021netperf,
    author = {{Hewlett Packard}},
    title = {{Netperf}},
    url = {https://github.com/HewlettPackard/netperf},
    year = {2021}
}

@inproceedings{inci2016co,
    author = {Inci, Mehmet Sinan and Gulmezoglu, Berk and Eisenbarth, Thomas and Sunar, Berk},
    booktitle = {International Workshop on Constructive Side-Channel Analysis and Secure Design},
    organization = {Springer},
    pages = {19--34},
    title = {Co-location detection on the cloud},
    year = {2016}
}

@misc{Intel_opt,
    author = {Intel},
    title = {{Intel 64 and IA-32 Architectures Optimization Reference Manual}},
    year = {2019}
}

@misc{Intel_vol2,
    author = {{Intel}},
    title = {{Intel 64 and IA-32 Architectures Software Developer's Manual Volume 2 (2A, 2B \& 2C): Instruction Set Reference, A-Z}},
    volume = {253665},
    year = {2019}
}

@misc{Intel_vol3,
    author = {{Intel}},
    number = {325384},
    title = {{Intel 64 and IA-32 Architectures Software Developer's Manual, Volume 3 (3A, 3B \& 3C): System Programming Guide}},
    year = {2019}
}

@misc{Intel_vol4,
    author = {{Intel}},
    month = {May},
    number = {335592-070US},
    title = {{Intel 64 and IA-32 Architectures Software Developer's Manual, Volume 4: Model-Specific Registers}},
    year = {2019}
}

@misc{intelIPP,
    author = {{Intel}},
    title = {{Developer Reference for Intel Integrated Performance Primitives Cryptography}},
    url = {https://software.intel.com/en-us/ipp-crypto-reference},
    year = {2019}
}

@misc{Johnson2021M1Firestorm,
    author = {Johnson, Dougall},
    month = {Mar},
    title = {{And a little more... big changes to the LDQ/STQ sizes, and new 'coalescing retire queue' theory and sizes}},
    url = {https://twitter.com/dougallj/status/1373973478731255812},
    year = {2021}
}

@misc{Kettenis2018BSDHT,
    author = {Kettenis, Mark},
    title = {{CVS: cvs.openbsd.org: src}},
    url = {https://www.mail-archive.com/source-changes@openbsd.org/msg99141.html},
    year = {2018}
}

@inproceedings{Kocher2019,
    author = {Paul Kocher and Jann Horn and Anders Fogh and Daniel Genkin and Daniel Gruss and Werner Haas and Mike Hamburg and Moritz Lipp and Stefan Mangard and Thomas Prescher and Michael Schwarz and Yuval Yarom},
    booktitle = {S\&P},
    title = {{Spectre Attacks: Exploiting Speculative Execution}},
    year = {2019}
}

@misc{Kolivas2012Kernbench,
    author = {Con Kolivas},
    title = {{Kernbench v0.50}},
    url = {http://ck.kolivas.org/apps/kernbench/kernbench-0.50/},
    year = {2012}
}

@misc{Kopytov2021Sysbench,
    author = {Alexey Kopytov},
    title = {{sysbench}},
    url = {https://github.com/akopytov/sysbench},
    year = {2021}
}

@misc{Leverich2015Mutilate,
    author = {Jacob Leverich},
    title = {{Mutilate}},
    url = {https://github.com/leverich/mutilate},
    year = {2015}
}

@misc{Linux2022CoreScheduling,
    author = {{Linux Kernel Documentation}},
    title = {{Core Scheduling}},
    url = {https://www.kernel.org/doc/html/latest/admin-guide/hw-vuln/core-scheduling.html},
    year = {2022}
}

@inproceedings{Lipp2018meltdown,
    author = {Moritz Lipp and Michael Schwarz and Daniel Gruss and Thomas Prescher and Werner Haas and Anders Fogh and Jann Horn and Stefan Mangard and Paul Kocher and Daniel Genkin and Yuval Yarom and Mike Hamburg},
    booktitle = {USENIX Security Symposium},
    title = {{Meltdown: Reading Kernel Memory from User Space}},
    year = {2018}
}

@inproceedings{Lipp2020takeaway,
    author = {Lipp, Moritz and Had{\v{z}}i{\'c}, Vedad and Schwarz, Michael and Perais, Arthur and Maurice, Cl{\'e}mentine and Gruss, Daniel},
    booktitle = {{AsiaCCS}},
    title = {{Take a Way: Exploring the Security Implications of AMD's Cache Way Predictors}},
    year = {2020}
}

@inproceedings{Lipp2021Platypus,
    author = {Lipp, Moritz and Kogler, Andreas and Oswald, David and Schwarz,
Michael and Easdon, Catherine and Canella, Claudio and Gruss, Daniel},
    booktitle = {S\&P},
    title = {{PLATYPUS: Software-based Power Side-Channel Attacks on x86}},
    year = {2021}
}

@inproceedings{Lipp2022amd,
    author = {Lipp, Moritz and Gruss, Daniel and Schwarz, Michael},
    booktitle = {USENIX Security Symposium},
    title = {{AMD Prefetch Attacks through Power and Time}},
    year = {2022}
}

@inproceedings{Liu2015Last,
    author = {Liu, Fangfei and Yarom, Yuval and Ge, Qian and Heiser, Gernot and Lee, Ruby B.},
    booktitle = {S\&P},
    title = {{Last-Level Cache Side-Channel Attacks are Practical}},
    year = {2015}
}

@inproceedings{Maurice2015C5,
    author = {Cl\'{e}mentine Maurice and Christoph Neumann and Olivier Heen and Aur\'{e}lien Francillon},
    booktitle = {DIMVA},
    title = {{C5: Cross-Cores Cache Covert Channel}},
    year = {2015}
}

@inproceedings{Maurice2017Hello,
    author = {Clémentine Maurice and Manuel Weber and Michael Schwarz and Lukas Giner and Daniel Gruss and Alberto Boano, Carlo and Stefan Mangard and Kay R{\"o}mer},
    booktitle = {NDSS},
    title = {{Hello from the Other Side: SSH over Robust Cache Covert Channels in the Cloud}},
    year = {2017}
}

@misc{McCalpin2016Stream,
    author = {John D. McCalpin},
    title = {{STREAM: Sustainable Memory Bandwidth in High Performance Computers}},
    url = {https://www.cs.virginia.edu/stream/},
    year = {2016}
}

@book{Menezes1996HAC,
    author = {Alfred J. Menezes and Paul C. van Oorschot and Scott A. Vanstone},
    month = {Oct},
    publisher = {{CRC Press}},
    title = {{Handbook of Applied Cryptography}},
    url = {https://cacr.uwaterloo.ca/hac/},
    year = {1996}
}

@misc{Microsoft2022Managing,
    author = {{Microsoft}},
    title = {{Managing Hyper-V hypervisor scheduler types}},
    url = {https://docs.microsoft.com/en-us/windows-server/virtualization/hyper-v/manage/manage-hyper-v-scheduler-types},
    year = {2022}
}

@inproceedings{Moghimi2018,
    author = {Moghimi, Ahmad and Eisenbarth, Thomas and Sunar, Berk},
    booktitle = {CT-RSA},
    title = {{MemJam: A False Dependency Attack against Constant-Time Crypto Implementations in SGX}},
    year = {2018}
}

@misc{Molnar2021SchedCore,
    author = {Ingo Molnar},
    title = {{[PATCH] sched/core: Disable CONFIG\_SCHED\_CORE by default}},
    url = {https://lwn.net/ml/linux-kernel/YNopqw/BbJGjOGMq@gmail.com/},
    year = {2021}
}

@misc{OpenSSL,
    author = {OpenSSL},
    title = {{OpenSSL: The Open Source toolkit for SSL/TLS}},
    url = {http://www.openssl.org},
    year = {2019}
}

@inproceedings{Osvik2006,
    author = {Osvik, Dag Arne and Shamir, Adi and Tromer, Eran},
    booktitle = {CT-RSA},
    title = {{Cache Attacks and Countermeasures: the Case of AES}},
    year = {2006}
}

@inproceedings{Ousterhout1982,
    author = {Ousterhout, John K and others},
    booktitle = {ICDCS},
    title = {{Scheduling Techniques for Concurrent Systems}},
    year = {1982}
}

@inproceedings{Percival2005,
    author = {Percival, Colin},
    booktitle = {BSDCan},
    title = {{Cache Missing for Fun and Profit}},
    year = {2005}
}

@misc{PerfWiki,
    author = {{Perf Wiki}},
    title = {{Main Page}},
    url = {https://perf.wiki.kernel.org/index.php/Main_Page},
    year = {2020}
}

@inproceedings{Pessl2016,
    author = {Peter Pessl and Daniel Gruss and Cl\'{e}mentine Maurice and Michael Schwarz and Stefan Mangard},
    booktitle = {USENIX Security Symposium},
    title = {{DRAMA: Exploiting DRAM Addressing for Cross-CPU Attacks}},
    year = {2016}
}

@misc{Phoronix2018HT,
    author = {Larabel, Michael},
    month = {June},
    publisher = {Phoronix Media},
    title = {{Intel Hyper Threading Performance With A Core i7 On Ubuntu 18.04 LTS}},
    url = {https://www.phoronix.com/scan.php?page=article&item=intel-ht-2018&num=4},
    year = {2018}
}

@inproceedings{Puddu2021frontal,
    author = {Puddu, Ivan and Schneider, Moritz and Haller, Miro and {\v{C}}apkun, Srdjan},
    booktitle = {USENIX Security Symposium},
    title = {{Frontal Attack: Leaking Control-Flow in SGX via the CPU Frontend}},
    year = {2021}
}

@inproceedings{Ragab2021rage,
    author = {Ragab, Hany and Barberis, Enrico and Bos, Herbert and Giuffrida, Cristiano},
    booktitle = {USENIX Security Symposium},
    title = {{Rage {Against} the {Machine} {Clear}: {A} {Systematic} {Analysis} of {Machine} {Clears} and {Their} {Implications} for {Transient} {Execution} {Attacks}}},
    year = {2021}
}

@inproceedings{Ren2021DeadUops,
    author = {Ren, Xida and Moody, Logan and Taram, Mohammadkazem and Jordan, Matthew and Tullsen, Dean M. and Venkat, Ashish},
    booktitle = {{ISCA}},
    title = {{I See Dead µops: Leaking Secrets via Intel/AMD Micro-Op Caches}},
    year = {2021}
}

@inproceedings{Ristenpart2009,
    author = {Ristenpart, Thomas and Tromer, Eran and Shacham, Hovav and Savage, Stefan},
    booktitle = {CCS},
    title = {{Hey, You, Get Off of My Cloud: Exploring Information Leakage in Third-Party Compute Clouds}},
    year = {2009}
}

@misc{Roettger2021A,
    author = {{Stephen Roettger and Artur Janc}},
    title = {{A Spectre proof-of-concept for a Spectre-proof web}},
    url = {https://security.googleblog.com/2021/03/a-spectre-proof-of-concept-for-spectre.html},
    year = {2021}
}

@inproceedings{Rokicki2022webport,
    author = {Rokicki, Thomas and Maurice, Cl\'{e}mentine and Botvinnik, Marina and Oren, Yossi},
    booktitle = {{AsiaCCS}},
    title = {{Port Contention Goes Portable: Port Contention Side Channels in Web Browsers}},
    year = {2022}
}

@misc{rtTests2022,
    author = {{rt-tests}},
    title = {{rt-tests/rt-tests.git -- Suite of real-time tests}},
    url = {https://git.kernel.org/pub/scm/utils/rt-tests/rt-tests.git/},
    year = {2022}
}

@inproceedings{Ruan2005SMT,
    author = {Yaoping Ruan and Vivek S. Pai and Erich Nahum and John M. Tracey},
    booktitle = {SIGMETRICS},
    title = {{Evaluating the Impact of Simultaneous Multithreading on Network Servers Using Real Hardware}},
    year = {2005}
}

@misc{Rybczynska2020LinuxTaskIsolation,
    author = {Rybczy\'{n}ska, Marta},
    month = {Apr},
    title = {{A full task-isolation mode for the kernel}},
    url = {https://lwn.net/Articles/816298/},
    urldate = {2022-03-25},
    year = {2020}
}

@inproceedings{Sassone2007MatrixScheduler,
    author = {Sassone, Peter G. and Rupley, Jeff and Brekelbaum, Edward and Loh, Gabriel H. and Black, Bryan},
    booktitle = {{ISCA}},
    title = {{Matrix Scheduler Reloaded}},
    year = {2007}
}

@inproceedings{Schwarz2017Timers,
    author = {Schwarz, Michael and Maurice, Clémentine and Gruss, Daniel and Mangard, Stefan},
    booktitle = {FC},
    title = {{Fantastic Timers and Where to Find Them: High-Resolution Microarchitectural Attacks in JavaScript}},
    year = {2017}
}

@inproceedings{Schwarz2019ZL,
    author = {Schwarz, Michael and Lipp, Moritz and Moghimi, Daniel and Van Bulck, Jo and Stecklina, Julian and Prescher, Thomas and Gruss, Daniel},
    booktitle = {CCS},
    title = {{ZombieLoad: Cross-Privilege-Boundary Data Sampling}},
    year = {2019}
}

@article{Schwarz2020malware,
    author = {Schwarz, Michael and Weiser, Samuel and Gruss, Daniel and Maurice, Clémentine and Mangard, Stefan},
    journal = {Cybersecurity},
    number = {1},
    pages = {2},
    publisher = {Springer},
    title = {{Malware Guard Extension: abusing Intel SGX to conceal cache attacks}},
    volume = {3},
    year = {2020}
}

@inproceedings{Schwarzl2021Speculative,
    author = {Schwarzl, Martin and Schuster, Thomas and Schwarz, Michael and Gruss, Daniel},
    booktitle = {{FC}},
    title = {{Speculative Dereferencing of Registers: Reviving Foreshadow}},
    year = {2021}
}

@inproceedings{Sotirov2007HeapFengShui,
    author = {Alexander Sotirov},
    booktitle = {Blackhat Europe},
    title = {{Heap Feng Shui in JavaScript}},
    year = {2007}
}

@misc{Specweb2008,
    author = {{Standard Performance Evaluation Corporation}},
    title = {{SPECWeb99}},
    url = {https://www.spec.org/web99/},
    year = {2008}
}

@article{Suggs2020Zen2,
    author = {Suggs, David and Subramony, Mahesh and Bouvier, Dan},
    doi = {10.1109/MM.2020.2974217},
    journal = {IEEE Micro},
    number = {2},
    pages = {45-52},
    title = {{The AMD "Zen 2" Processor}},
    volume = {40},
    year = {2020}
}

@inproceedings{Sullivan2018minefields,
    author = {Sullivan, Dean and Arias, Orlando and Meade, Travis and Jin, Yier},
    booktitle = {NDSS},
    title = {{Microarchitectural Minefields: 4K-aliasing Covert Channel and Multi-tenant Detection in IaaS Clouds}},
    year = {2018}
}

@inproceedings{Taram2022SecSMT,
    author = {Taram, Mohammadkazem and Ren, Xida and Venkat, Ashish and Tullsen, Dean},
    booktitle = {{USENIX Security Symposium}},
    month = {Aug},
    title = {{SecSMT}: Securing {SMT} Processors against {Contention-Based} Covert Channels},
    year = {2022}
}

@inproceedings{VanSchaik2019RIDL,
    author = {van Schaik, Stephan and Milburn, Alyssa and {\"O}sterlund, Sebastian and Frigo, Pietro and Maisuradze, Giorgi and Razavi, Kaveh and Bos, Herbert and Giuffrida, Cristiano},
    booktitle = {{S\&P}},
    title = {{RIDL: Rogue In-flight Data Load}},
    year = {2019}
}

@inproceedings{Wang2006,
    author = {Wang, Zhenghong and Lee, Ruby B},
    booktitle = {ACSAC},
    title = {{Covert and Side Channels due to Processor Architecture}},
    year = {2006}
}

@misc{Wong2013ROB,
    author = {Henry Wong},
    title = {{Measuring Reorder Buffer Capacity}},
    url = {http://blog.stuffedcow.net/2013/05/measuring-rob-capacity/},
    year = {2013}
}

@article{Wong2018SchedulingSoftCPU,
    author = {Wong, Henry and Betz, Vaughn and Rose, Jonathan},
    journal = {ACM Transactions on Reconfigurable Technology and Systems},
    number = {1},
    title = {{High-Performance Instruction Scheduling Circuits for Superscalar Out-of-Order Soft Processors}},
    volume = {11},
    year = {2018}
}

@inproceedings{Wu2012,
    author = {Wu, Zhenyu and Xu, Zhang and Wang, Haining},
    booktitle = {{USENIX} Security Symposium},
    title = {{Whispers in the Hyper-space: High-speed Covert Channel Attacks in the Cloud}},
    year = {2012}
}

@misc{Xen2021Archive4160,
    author = {{Xen Project}},
    month = {Dec},
    title = {{Xen Project 4.16.0 Archives}},
    url = {https://xenproject.org/downloads/xen-project-archives/xen-project-4-16-series/xen-project-4-16-0/},
    urldate = {2022-03-25},
    year = {2021}
}

@inproceedings{Xiao2019Speechminer,
    author = {Xiao, Yuan and Zhang, Yinqian and Teodorescu, Radu},
    booktitle = {{NDSS}},
    title = {{SPEECHMINER: A Framework for Investigating and Measuring Speculative Execution Vulnerabilities}},
    year = {2020}
}

@inproceedings{Xu2011,
    author = {Xu, Yunjing and Bailey, Michael and Jahanian, Farnam and Joshi, Kaustubh and Hiltunen, Matti and Schlichting, Richard},
    booktitle = {CCSW},
    title = {{An exploration of L2 cache covert channels in virtualized environments}},
    year = {2011}
}

@inproceedings{Yan2019,
    author = {Yan, Mengjia and Sprabery, Read and Gopireddy, Bhargava and Fletcher, Christopher and Campbell, Roy and Torrellas, Josep},
    booktitle = {S\&P},
    title = {{Attack directories, not caches: Side channel attacks in a non-inclusive world}},
    year = {2019}
}

@inproceedings{Yarom2014Flush,
    author = {Yarom, Yuval and Falkner, Katrina},
    booktitle = {USENIX Security Symposium},
    title = {{Flush+Reload: a High Resolution, Low Noise, L3 Cache Side-Channel Attack}},
    year = {2014}
}

@article{Yarom2017cachebleed,
    author = {Yarom, Yuval and Genkin, Daniel and Heninger, Nadia},
    journal = {JCEN},
    title = {{CacheBleed: A Timing Attack on OpenSSL Constant Time RSA}},
    year = {2017}
}

@inproceedings{tullsen1995simultaneous,
  title={Simultaneous multithreading: Maximizing on-chip parallelism},
  author={Tullsen, Dean M and Eggers, Susan J and Levy, Henry M},
  booktitle={Proceedings of the 22nd annual international symposium on Computer architecture},
  pages={392--403},
  year={1995}
}